<?xml version="1.0" encoding="UTF-8"?><collection xmlns="http://www.loc.gov/MARC21/slim"><record><leader>00434nam--2200157-i-4500</leader><controlfield tag="001">000031891</controlfield><controlfield tag="002">20161230</controlfield><controlfield tag="005">20170112234933</controlfield><controlfield tag="008">060222s1000------------r-----000-0-eng-d</controlfield><datafield ind1=" " ind2=" " tag="100"><subfield code="a">Maxfield, J. E</subfield></datafield><datafield ind1=" " ind2=" " tag="245"><subfield code="a">A table of the incomplete elliptic integral of the third kind</subfield></datafield><datafield ind1=" " ind2=" " tag="260"><subfield code="a">New York</subfield><subfield code="b">Dover Publ., Inc</subfield><subfield code="c">1958</subfield></datafield><datafield ind1=" " ind2=" " tag="300"><subfield code="a">XIV + 805 p</subfield></datafield><datafield ind1=" " ind2=" " tag="700"><subfield code="a">Selfridge, R. G</subfield></datafield><datafield ind1=" " ind2=" " tag="852"><subfield code="a">15977</subfield><subfield code="c">518.2</subfield></datafield><datafield ind1=" " ind2=" " tag="CAT"><subfield code="a">SYS</subfield><subfield code="c">20170112</subfield><subfield code="h">234933</subfield></datafield></record></collection>